<record><leader>00000cas a2200000 a 4500</leader><controlfield tag="001">29045210</controlfield><controlfield tag="008">931018d19201978cauwr ne      0    0eng c</controlfield><datafield ind1=" " ind2=" " tag="010"><subfield code="a">sn 93053199 </subfield></datafield><datafield ind1=" " ind2=" " tag="040"><subfield code="a">CNK</subfield><subfield code="b">eng</subfield><subfield code="c">CNK</subfield><subfield code="d">CNK</subfield><subfield code="d">OCLCQ</subfield><subfield code="d">OCLCF</subfield><subfield code="d">OCLCO</subfield></datafield><datafield ind1="1" ind2=" " tag="029"><subfield code="a">AU@</subfield><subfield code="b">000020230113</subfield></datafield><datafield ind1="0" ind2=" " tag="041"><subfield code="a">eng</subfield><subfield code="a">spa</subfield></datafield><datafield ind1=" " ind2=" " tag="042"><subfield code="a">pcc</subfield></datafield><datafield ind1=" " ind2=" " tag="043"><subfield code="a">n-us-ca</subfield></datafield><datafield ind1="0" ind2="0" tag="245"><subfield code="a">Riverbank news Riverbank review.</subfield></datafield><datafield ind1="3" ind2="0" tag="246"><subfield code="a">Riverbank news revistas de Riverbank</subfield></datafield><datafield ind1="3" ind2="0" tag="246"><subfield code="a">Riverbank news the Riverbank review</subfield></datafield><datafield ind1=" " ind2=" " tag="260"><subfield code="a">Riverbank, Stanislaus County, Calif. :</subfield><subfield code="b">H.E. Griffiths</subfield></datafield><datafield ind1=" " ind2=" " tag="300"><subfield code="a">v.</subfield></datafield><datafield ind1=" " ind2=" " tag="310"><subfield code="a">Weekly</subfield></datafield><datafield ind1="0" ind2=" " tag="362"><subfield code="a">Vol. 6, no. 1 [sic] (Mar. 5, 1920)-v. 62, no. 20 (Jan. 25, 1978).</subfield></datafield><datafield ind1=" " ind2=" " tag="500"><subfield code="a">"Riverbank Review" appears in much smaller type below "Riverbank News."</subfield></datafield><datafield ind1=" " ind2=" " tag="515"><subfield code="a">Numbering is irregular.</subfield></datafield><datafield ind1=" " ind2=" " tag="515"><subfield code="a">Issues for Mar. 5, 1920-Feb. 10, 1922 called also new ser., v. 1, no. 1-v.2, no. 52.</subfield></datafield><datafield ind1=" " ind2=" " tag="515"><subfield code="a">Publication suspended with Mar. 3, 1945 issue; publication resumed with Nov. 30, 1945 issue.</subfield></datafield><datafield ind1=" " ind2=" " tag="530"><subfield code="a">Master negatives are available for duplication from:</subfield><subfield code="b">California Newspaper Microfilm Archive;</subfield><subfield code="c">positive copies may be purchased by the reel; for further information consult the CNMA at:</subfield><subfield code="u">http://cbsr.ucr.edu</subfield></datafield><datafield ind1=" " ind2=" " tag="546"><subfield code="a">Publication includes page in Spanish with title: Riverbank news revistas de Riverbank, Dec. 25, 1953-May 7, 1954.</subfield></datafield><datafield ind1=" " ind2="0" tag="651"><subfield code="a">Riverbank (Calif.)</subfield><subfield code="v">Newspapers.</subfield></datafield><datafield ind1=" " ind2="7" tag="655"><subfield code="a">Newspapers.</subfield><subfield code="2">fast</subfield><subfield code="0">(OCoLC)fst01423814</subfield></datafield><datafield ind1=" " ind2="7" tag="651"><subfield code="a">California</subfield><subfield code="z">Riverbank.</subfield><subfield code="2">fast</subfield><subfield code="0">(OCoLC)fst01218700</subfield></datafield><datafield ind1=" " ind2=" " tag="752"><subfield code="a">United States</subfield><subfield code="b">California</subfield><subfield code="c">Stanislaus</subfield><subfield code="d">Riverbank.</subfield></datafield><datafield ind1="0" ind2="0" tag="785"><subfield code="t">Riverbank news</subfield><subfield code="w">(DLC)sn 98061072</subfield></datafield></record>